<?xml version="1.0" encoding="UTF-8" ?>
<collection xmlns:xsi="http://www.w3.org/2001/XMLSchema-instance" xsi:schemaLocation="http://www.loc.gov/MARC21/slim http://www.loc.gov/standards/marcxml/schema/MARC21slim.xsd" xmlns="http://www.loc.gov/MARC21/slim">
   <record>
      <leader>     cam a22      a 4500</leader>
      <controlfield tag="001">1786982</controlfield>
      <controlfield tag="003">NIC</controlfield>
      <controlfield tag="005">20141125231427.0</controlfield>
      <controlfield tag="008">901025q18991900mr            000 0 ara d</controlfield>
      <datafield tag="035" ind1=" " ind2=" ">
         <subfield code="a">(NIC)notisAJJ0771</subfield>
      </datafield>
      <datafield tag="035" ind1=" " ind2=" ">
         <subfield code="a">(OCoLC)64021045</subfield>
      </datafield>
      <datafield tag="035" ind1=" " ind2=" ">
         <subfield code="a">1786982</subfield>
      </datafield>
      <datafield tag="040" ind1=" " ind2=" ">
         <subfield code="a">NIC</subfield>
         <subfield code="c">NIC</subfield>
      </datafield>
      <datafield tag="100" ind1="1" ind2=" ">
         <subfield code="a">Sijilmāsī, Abū ʻAbd Allāh Muḥammad,</subfield>
         <subfield code="d">-approximately 1782.</subfield>
      </datafield>
      <datafield tag="245" ind1="1" ind2="0">
         <subfield code="a">Sharḥ Abī ʻAbd Allāh Muḥammad ibn Qāsim al-Sijilmāsī al-Ribāṭī ʻalá Naẓm al-ʻAmal li-Abī Zayd ʻAbd al-Raḥmanān ibn ʻAbd al-Qādir al-Fāsī /</subfield>
         <subfield code="c">Abū ʻAbd Allāh Muḥammad al-Sijilmāsī.</subfield>
      </datafield>
      <datafield tag="260" ind1=" " ind2=" ">
         <subfield code="a">[Fez, Morocco? :</subfield>
         <subfield code="b">s.n.],</subfield>
         <subfield code="c">1317 [i.e. 1899 or 1900]</subfield>
      </datafield>
      <datafield tag="300" ind1=" " ind2=" ">
         <subfield code="a">384, 341 p. (2 vols in 1) ;</subfield>
         <subfield code="c">23 cm.</subfield>
      </datafield>
      <datafield tag="600" ind1="1" ind2="0">
         <subfield code="a">Abū Zayd al-Fāsī, ʻAbd al-Raḥmān ibn ʻAbd al-Qādir,</subfield>
         <subfield code="d">1630 or 1631-1684 or 1685.</subfield>
         <subfield code="t">Naẓm al-ʻamal.</subfield>
      </datafield>
      <datafield tag="650" ind1=" " ind2="0">
         <subfield code="a">Islam</subfield>
         <subfield code="x">Customs and practices</subfield>
         <subfield code="x">Early works to 1800.</subfield>
      </datafield>
      <datafield tag="650" ind1=" " ind2="0">
         <subfield code="a">Islam</subfield>
         <subfield code="x">Doctrines</subfield>
         <subfield code="x">Early works to 1800.</subfield>
      </datafield>
      <datafield tag="650" ind1=" " ind2="7">
         <subfield code="a">Islam</subfield>
         <subfield code="x">Customs and practices</subfield>
         <subfield code="2">fast</subfield>
         <subfield code="0">(OCoLC)fst00979785</subfield>
      </datafield>
      <datafield tag="650" ind1=" " ind2="7">
         <subfield code="a">Islam</subfield>
         <subfield code="x">Doctrines</subfield>
         <subfield code="2">fast</subfield>
         <subfield code="0">(OCoLC)fst00979787</subfield>
      </datafield>
      <datafield tag="655" ind1=" " ind2="7">
         <subfield code="a">Early works</subfield>
         <subfield code="2">fast</subfield>
         <subfield code="0">(OCoLC)fst01411636</subfield>
      </datafield>
      <datafield tag="903" ind1=" " ind2=" ">
         <subfield code="a">Google</subfield>
         <subfield code="d">20120731</subfield>
         <subfield code="p">31924074368048</subfield>
      </datafield>
      <datafield tag="905" ind1=" " ind2=" ">
         <subfield code="a">19930402120000.0</subfield>
      </datafield>
      <datafield tag="948" ind1="2" ind2=" ">
         <subfield code="a">20141125</subfield>
         <subfield code="b">m</subfield>
         <subfield code="d">batch</subfield>
         <subfield code="e">lts</subfield>
         <subfield code="x">addfast</subfield>
      </datafield>
      <datafield tag="903" ind1=" " ind2=" ">
         <subfield code="a">NYUACO</subfield>
         <subfield code="d">20150421</subfield>
         <subfield code="p">31924074368048</subfield>
      </datafield>
      <datafield tag="950" ind1=" " ind2=" ">
         <subfield code="a">KBL</subfield>
         <subfield code="b">.S57 1899a</subfield>
         <subfield code="v"> </subfield>
      </datafield>
   </record>
</collection>
